<?xml version="1.0" encoding="UTF-8"?><record xmlns="http://www.loc.gov/MARC21/slim" xmlns:cinclude="http://apache.org/cocoon/include/1.0" xmlns:zs="http://www.loc.gov/zing/srw/">
  <leader>00502nz  a2200121n  4500</leader>
  <controlfield tag="001">n  99909350 </controlfield>
  <controlfield tag="003">DLC</controlfield>
  <controlfield tag="005">20000630045525.0</controlfield>
  <controlfield tag="008">000530n| acannaabn          |n aaa      </controlfield>
  <datafield tag="010" ind1=" " ind2=" ">
    <subfield code="a">n  99909350 </subfield>
  </datafield>
  <datafield tag="040" ind1=" " ind2=" ">
    <subfield code="a">DLC</subfield>
    <subfield code="b">eng</subfield>
    <subfield code="c">DLC</subfield>
  </datafield>
  <datafield tag="100" ind1="1" ind2="0">
    <subfield code="a">Tilbury, Alan</subfield>
  </datafield>
  <datafield tag="670" ind1=" " ind2=" ">
    <subfield code="a">Botswana, 2000:</subfield>
    <subfield code="b">t.p. (Alan Tilbury) front jkt. flap (appointed Legal Secretary to the Bechuanaland Govt. in 1955; became assistant Attorney-General, then Attorney-General until 1966; after independence he became Botswana's first Attorney-General)</subfield>
  </datafield>
</record>